<?xml version="1.0" encoding="UTF-8"?><record xmlns="http://www.loc.gov/MARC21/slim" xmlns:cinclude="http://apache.org/cocoon/include/1.0" xmlns:zs="http://www.loc.gov/zing/srw/">
  <leader>00455cz  a2200133n  4500</leader>
  <controlfield tag="001">n  81100482 </controlfield>
  <controlfield tag="003">DLC</controlfield>
  <controlfield tag="005">20090124081111.0</controlfield>
  <controlfield tag="008">810911n| acannaabn          |n aaa      </controlfield>
  <datafield tag="010" ind1=" " ind2=" ">
    <subfield code="a">n  81100482 </subfield>
  </datafield>
  <datafield tag="035" ind1=" " ind2=" ">
    <subfield code="a">(OCoLC)oca00645599</subfield>
  </datafield>
  <datafield tag="040" ind1=" " ind2=" ">
    <subfield code="a">DLC</subfield>
    <subfield code="b">eng</subfield>
    <subfield code="c">DLC</subfield>
    <subfield code="d">OCoLC</subfield>
  </datafield>
  <datafield tag="100" ind1="1" ind2=" ">
    <subfield code="a">Đurković, Nikola,</subfield>
    <subfield code="d">1908-1943</subfield>
  </datafield>
  <datafield tag="670" ind1=" " ind2=" ">
    <subfield code="a">Rosi, A. Nikola Đurković, životni put i revolucionarno delo, 1980 (subj.)</subfield>
    <subfield code="b">t.p. (Nikola Đurković) p. 9 (b. 1908) p. 80  (d. 1/21/43)</subfield>
  </datafield>
</record>